@article{Hermida2014LogicalRA,
  title={Logical Relations and Parametricity - A Reynolds Programme for Category Theory and Programming Languages},
  author={Claudio Hermida and Uday S. Reddy and Edmund P. Robinson},
  journal={Electron. Notes Theor. Comput. Sci.},
  year={2014},
  volume={303},
  pages={149-180}
}